

@BOOK{mont,
   author = "Alcir José Monticelli",
   title= "Fluxo de Carga em Redes de Energia Elétrica",
   publisher = "Edgar Blucher",
   edition = "1",
   year = 1983
   }

@BOOK{taufik2,
   author = "Carmen Lucia Tancredo Borges ",
   title= "Análise de Sistemas de Potência",
   year = 2005
   }


@BOOK{couch,
   author = "Carlos A. Castro",
   title= "Fluxo de Carga",
   publisher = "Pearson",
   edition = "5",
   year = 2000
   }

